<?xml version="1.0" encoding="UTF-8"?><record xmlns="http://www.loc.gov/MARC21/slim" xmlns:cinclude="http://apache.org/cocoon/include/1.0" xmlns:zs="http://www.loc.gov/zing/srw/">
  <leader>00496nz  a2200121n  4500</leader>
  <controlfield tag="001">n  90666945 </controlfield>
  <controlfield tag="003">DLC</controlfield>
  <controlfield tag="005">19900709125136.2</controlfield>
  <controlfield tag="008">900709n| acannaab|          |n aaa |||  </controlfield>
  <datafield tag="010" ind1=" " ind2=" ">
    <subfield code="a">n  90666945 </subfield>
  </datafield>
  <datafield tag="040" ind1=" " ind2=" ">
    <subfield code="a">DLC</subfield>
    <subfield code="c">DLC</subfield>
  </datafield>
  <datafield tag="100" ind1="1" ind2="0">
    <subfield code="a">Margellos, Théophile M.</subfield>
  </datafield>
  <datafield tag="670" ind1=" " ind2=" ">
    <subfield code="a">His La protection du vendeur à crédit d'objets mobiliers ... 1989:</subfield>
    <subfield code="b">t.p. (Théophile M. Margellos, avocat, docteur d'Etat en droit) t.p. verso (Th. Margellos, Athènes) pref. (a revision of his doctoral thesis, Strasbourg, 1983)</subfield>
  </datafield>
</record>